<collection xmlns="http://www.loc.gov/MARC21/slim">
<record>
  <leader>01083nam0a22002411i 450 </leader>
  <controlfield tag="001">IT\ICCU\CNCE\078788</controlfield>
  <controlfield tag="005">20141017000000.0</controlfield>
  <datafield tag="012" ind1=" " ind2=" ">
    <subfield code="a">cota doe, eao, PoDi (3) 1596 (R)</subfield>
    <subfield code="2">fei</subfield>
  </datafield>
  <datafield tag="100" ind1=" " ind2=" ">
    <subfield code="a">20141017d1596        0itac0103    ba</subfield>
  </datafield>
  <datafield tag="101" ind1=" " ind2=" ">
    <subfield code="a">ITA</subfield>
  </datafield>
  <datafield tag="102" ind1=" " ind2=" ">
    <subfield code="a">IT</subfield>
  </datafield>
  <datafield tag="200" ind1="1" ind2=" ">
    <subfield code="a">℗Il ℗miracolo di santa Maria della Croce, descritto dal dottor&apos;Antonio Figati. All&apos;illusstriss. et reuerenidiss. Sig. Gio. Iacomo Diedo, vescouo di Crema</subfield>
  </datafield>
  <datafield tag="210" ind1=" " ind2=" ">
    <subfield code="a">In Brescia</subfield>
    <subfield code="c">appresso Vincenzo Sabbio</subfield>
    <subfield code="d">1596</subfield>
  </datafield>
  <datafield tag="215" ind1=" " ind2=" ">
    <subfield code="a">16, \1! c.</subfield>
    <subfield code="c">ill.</subfield>
    <subfield code="d">4ʻ</subfield>
  </datafield>
  <datafield tag="620" ind1=" " ind2=" ">
    <subfield code="a">IT</subfield>
    <subfield code="d">Brescia</subfield>
  </datafield>
  <datafield tag="700" ind1=" " ind2="1">
    <subfield code="a">Figati,</subfield>
    <subfield code="b">Antonio</subfield>
    <subfield code="3">IT\ICCU\CNCA\029925</subfield>
  </datafield>
  <datafield tag="712" ind1="0" ind2="0">
    <subfield code="a">Sabbio, Vincenzo</subfield>
    <subfield code="3">IT\ICCU\CNCT\000044</subfield>
    <subfield code="4">650</subfield>
  </datafield>
  <datafield tag="791" ind1="0" ind2="0">
    <subfield code="a">Sabiensis, Vincentius</subfield>
    <subfield code="3">IT\ICCU\CNCT\002587</subfield>
    <subfield code="z">Sabbio, Vincenzo</subfield>
  </datafield>
  <datafield tag="791" ind1="0" ind2="0">
    <subfield code="a">Sabius, Vincentius</subfield>
    <subfield code="3">IT\ICCU\CNCT\005508</subfield>
    <subfield code="z">Sabbio, Vincenzo</subfield>
  </datafield>
  <datafield tag="791" ind1="0" ind2="0">
    <subfield code="a">Sabbius, Vincentius</subfield>
    <subfield code="3">IT\ICCU\CNCT\005511</subfield>
    <subfield code="z">Sabbio, Vincenzo</subfield>
  </datafield>
  <datafield tag="791" ind1="0" ind2="0">
    <subfield code="a">Da Sabbio, Vincenzo</subfield>
    <subfield code="3">IT\ICCU\CNCT\005515</subfield>
    <subfield code="z">Sabbio, Vincenzo</subfield>
  </datafield>
  <datafield tag="801" ind1=" " ind2="3">
    <subfield code="a">IT</subfield>
    <subfield code="b">ICCU</subfield>
    <subfield code="c">20201115</subfield>
  </datafield>
  <datafield tag="899" ind1=" " ind2=" ">
    <subfield code="a">Biblioteca Norberto Bobbio dell&apos;Universit ̉degli Studi di Torino. Torino</subfield>
    <subfield code="1">TO1203</subfield>
    <subfield code="2">UTO BB</subfield>
  </datafield>
</record>
</collection>
